@book{Knuth-vol3,
        author =        "D. E. Knuth",
        title =         "The Art of Computer Programming -- Volume 3 /
                                Sorting and Searching",
        publisher =     "Addison-Wesley",
        year =          "1973"
}

@article{Comer-btree,
        author =        "D. Comer",
        year =          "June 1979",
        journal =       "Computing Surveys",
        number =        "2",
        pages =         "121-137",
        title =         "The Ubiquitous B-Tree",
        volume =        "11"
}

@article{ Ma23,
	author = "D. Ma and X. Jiao and F. Lin, and M. Zhang and A. Desmaison and T. Sellinger and D. Moore and S. Sankar",
	title = "Evaluating and Enhancing Robustness of Deep Recommendation Systems Against Hardware Errors"
}

@misc {gpt2,
	author       = { {HF Canonical Model Maintainers} },
	title        = { gpt2 (Revision 909a290) },
	year         = 2022,
	url          = { https://huggingface.co/gpt2 },
	doi          = { 10.57967/hf/0039 },
	publisher    = { Hugging Face }
}


